@book{sample-book,
  author =       {Author},
  editor =       {},
  title =        {Booktitle},
  series =       {},
  volume =       {},
  number =       {},
  publisher =    {Publisher},
  address =      {Location},
  month =        {},
  year =         {1990},
  note =         {}
}

@book{DS14,
  author =       {DeGroot M. H. and Schervish M.J.},
  editor =       {},
  title =        {Probability and Statistics},
  series =       {},
  edition =  {4},
  volume =       {},
  number =       {},
  publisher =    {Pearson Education Limited},
  address =      {},
  month =        {},
  year =         {2012},
  note =         {}
}


@article{sample-article,
  author =       {Author1 and  Author2 and Author3},
  title =        {Title of the article},
  journal =      {Journal},
  volume =       {42},
  number =       {17},
  pages =        {123--723},
  month =        nov,
  year =         {1831},
  note =         {}
}

@misc{sample-web,
  author =       {User},
  title =        {Title},
  month =        may,
  year =         {1831},
  howpublished = {\url{http://maasslab.de/ds/}},
  note = {Last visited January 1847}
}